@book{ pressman06ingenieria,
  author = "R. Pressman",
  title = "Ingeniería del software",
  text = "",
  publisher = "Mc Graw Hill",
  edition = "6",
  year = "2006" }
  
@book{ bernd1ingenieria,
  author = "B. Bruedgge and A. H. Dutoit",
  title = "Ingeniería del software orientado a objetos",
  text = "",
  publisher = "Prentice Hall",
  edition = "1",
  year = "2002" }
  
@book{ somerville9ingenieria,
  author = "I. Somerville",
  title = "Ingeniería de software",
  text = "",
  publisher = "Addison-Wesley",
  edition = "9",
  year = "2011" }
  
@book{ whiteen7analisis,
  author = "J. L. Whitten and L. D. Bentley",
  title = "Análisis de sistemas, diseño y métodos",
  text = "",
  publisher = "Mc Graw Hill",
  edition = "9",
  year = "2008" }
  
@book{ pilone1head,
  author = "D. Pilone and R. Miles",
  title = "Head first Software development",
  text = "",
  publisher = "O'Reilly Media",
  edition = "1",
  year = "2008" }
  
@book{ walls1spring,
  author = "C. Walls",
  title = "Spring Boot in Action",
  text = "",
  publisher = "Manning",
  edition = "1",
  year = "2016" }
  
@book{ varanasi1spring,
  author = "B. Varanasi and S. Belida",
  title = "Spring REST",
  text = "",
  publisher = "Apress",
  edition = "1",
  year = "2015" }
  
@book{ gutierrez1spring,
  author = "F. Gutierrez",
  title = "Introducing Spring Framework: A Primer",
  text = "",
  publisher = "Apress",
  edition = "1",
  year = "2014" }
  
@book{ sevindik1spring,
  author = "M. Çalıskan and K. Sevindik",
  title = "Beginning Spring",
  text = "",
  publisher = "Wrox",
  edition = "1",
  year = "2015" }
  
@book{ chandermani1angularjs,
  author = "Chandermani",
  title = "AngularJS by Example",
  text = "",
  publisher = "Packt Publishing",
  edition = "1",
  year = "2015" }  
  
@book{ branas1angularjs,
  author = "R. Branas",
  title = "AngularJS Essentials",
  text = "",
  publisher = "Packt Publishing",
  edition = "1",
  year = "2014" }  
  
@book{ freeman1angularjs,
  author = "A. Freeman",
  title = "Pro AngularJS",
  text = "",
  publisher = "Apress",
  edition = "1",
  year = "2014" }    
  
@book{ shenoy1bootstrap,
  author = "A. Shenoy and U. Sossou",
  title = "Learning Bootstrap",
  text = "",
  publisher = "Packt Publishing",
  edition = "1",
  year = "2014" } 
  
@book{ bhaumik1bootstrap,
  author = "S. Bhaumik",
  title = "Bootstrap Essentials",
  text = "",
  publisher = "Packt Publishing",
  edition = "1",
  year = "2015" }  
  
@book{ cantelon1nodejs,
  author = "M. Cantelon and M. Harter",
  title = "Node.js In Action",
  text = "",
  publisher = "Manning",
  edition = "1",
  year = "2014" } 
  
@book{ hahn1express,
  author = "E. Hahn",
  title = "Express in Action",
  text = "",
  publisher = "Manning",
  edition = "1",
  year = "2016" } 
  
@book{ scott1spa,
  author = "E. Scott",
  title = "SPA Design and Architecture",
  text = "",
  publisher = "Manning",
  edition = "1",
  year = "2016" }
  
@book{ wilson1nodejs,
  author = "J. Wilson",
  title = "Node.js the Right Way",
  text = "",
  publisher = "The Pragmatic Programmers",
  edition = "1",
  year = "2013" }
  
@book{ haviv1mean,
  author = "A. Haviv",
  title = "MEAN Web Development",
  text = "",
  publisher = "Packt Publishing",
  edition = "1",
  year = "2014" }
  
  